@article{de1997road,
  title={Road traffic sign detection and classification},
  author={De La Escalera, Arturo and Moreno, Luis E and Salichs, Miguel Angel and Armingol, Jos{\'e} Mar{\'\i}a},
  journal={IEEE transactions on industrial electronics},
  volume={44},
  number={6},
  pages={848--859},
  year={1997},
  publisher={IEEE}
}

@inproceedings{bahlmann2005system,
  title={A system for traffic sign detection, tracking, and recognition using color, shape, and motion information},
  author={Bahlmann, Claus and Zhu, Ying and Ramesh, Visvanathan and Pellkofer, Martin and Koehler, Thorsten},
  booktitle={IEEE Proceedings. Intelligent Vehicles Symposium, 2005.},
  pages={255--260},
  year={2005},
  organization={IEEE}
}

@inproceedings{gtsdb,
  title={Detection of traffic signs in real-world images: The German Traffic Sign Detection Benchmark},
  author={Houben, Sebastian and Stallkamp, Johannes and Salmen, Jan and Schlipsing, Marc and Igel, Christian},
  booktitle={The 2013 international joint conference on neural networks (IJCNN)},
  pages={1--8},
  year={2013},
  organization={IEEE}
}

@inproceedings{shadeed2003road,
  title={Road traffic sign detection in color images},
  author={Shadeed, WG and Abu-Al-Nadi, Dia I and Mismar, Mohammad Jamil},
  booktitle={10th IEEE International Conference on Electronics, Circuits and Systems, 2003. ICECS 2003. Proceedings of the 2003},
  volume={2},
  pages={890--893},
  year={2003},
  organization={IEEE}
}

@inproceedings{janssen1993hybrid,
  title={Hybrid approach for traffic sign recognition},
  author={Janssen, R and Ritter, W and Stein, F and Ott, S},
  booktitle={Proceedings of the Intelligent Vehicles' 93 Symposium},
  pages={390--395},
  year={1993},
  organization={IEEE}
}

@article{besserer1993shape,
  title={Shape classification for traffic sign recognition},
  author={Besserer, B and Estable, S and Ulmer, B and Reichardt, D},
  journal={IFAC Proceedings Volumes},
  volume={26},
  number={1},
  pages={487--492},
  year={1993},
  publisher={Elsevier}
}

@inproceedings{ulmer1994vita,
  title={Vita ii-active collision avoidance in real traffic},
  author={Ulmer, Berthold},
  booktitle={Proceedings of the Intelligent Vehicles' 94 Symposium},
  pages={1--6},
  year={1994},
  organization={IEEE}
}

@inproceedings{mathias2013traffic,
  title={Traffic sign recognitionâ€”How far are we from the solution?},
  author={Mathias, Markus and Timofte, Radu and Benenson, Rodrigo and Van Gool, Luc},
  booktitle={The 2013 international joint conference on Neural networks (IJCNN)},
  pages={1--8},
  year={2013},
  organization={IEEE}
}

@article{larssonSCIA2011,
  author = {Larsson, Fredrik and Felsberg, Michael and Forssen, Per-Erik},
  title = {{Correlating Fourier descriptors of local patches for road sign recognition}},
  journal = {IET Computer Vision},
  year = {2011},
  volume = {5},
  number = {4},
  pages = {244--254},
}

@article{alexnet,
 author = {Krizhevsky, Alex and Sutskever, Ilya and Hinton, Geoffrey E.},
 title = {ImageNet Classification with Deep Convolutional Neural Networks},
 journal = {Commun. ACM},
 issue_date = {June 2017},
 volume = {60},
 number = {6},
 month = may,
 year = {2017},
 issn = {0001-0782},
 pages = {84--90},
 numpages = {7},
 url = {http://doi.acm.org/10.1145/3065386},
 doi = {10.1145/3065386},
 acmid = {3065386},
 publisher = {ACM},
 address = {New York, NY, USA},
} 

@inproceedings{deng2009imagenet,
  title={Imagenet: A large-scale hierarchical image database},
  author={Deng, Jia and Dong, Wei and Socher, Richard and Li, Li-Jia and Li, Kai and Fei-Fei, Li},
  booktitle={2009 IEEE conference on computer vision and pattern recognition},
  pages={248--255},
  year={2009},
  organization={Ieee}
}

@inproceedings{szegedy2017inception,
  title={Inception-v4, inception-resnet and the impact of residual connections on learning},
  author={Szegedy, Christian and Ioffe, Sergey and Vanhoucke, Vincent and Alemi, Alexander A},
  booktitle={Thirty-First AAAI Conference on Artificial Intelligence},
  year={2017}
}

@inproceedings{sandler2018mobilenetv2,
  title={Mobilenetv2: Inverted residuals and linear bottlenecks},
  author={Sandler, Mark and Howard, Andrew and Zhu, Menglong and Zhmoginov, Andrey and Chen, Liang-Chieh},
  booktitle={Proceedings of the IEEE Conference on Computer Vision and Pattern Recognition},
  pages={4510--4520},
  year={2018}
}

@inproceedings{girshick2014rich,
  title={Rich feature hierarchies for accurate object detection and semantic segmentation},
  author={Girshick, Ross and Donahue, Jeff and Darrell, Trevor and Malik, Jitendra},
  booktitle={Proceedings of the IEEE conference on computer vision and pattern recognition},
  pages={580--587},
  year={2014}
}

@inproceedings{girshick2015fast,
  title={Fast r-cnn},
  author={Girshick, Ross},
  booktitle={Proceedings of the IEEE international conference on computer vision},
  pages={1440--1448},
  year={2015}
}

@inproceedings{ren2015faster,
  title={Faster r-cnn: Towards real-time object detection with region proposal networks},
  author={Ren, Shaoqing and He, Kaiming and Girshick, Ross and Sun, Jian},
  booktitle={Advances in neural information processing systems},
  pages={91--99},
  year={2015}
}

@article{yolov3,
  title={YOLOv3: An Incremental Improvement},
  author={Redmon, Joseph and Farhadi, Ali},
  journal = {arXiv},
  year={2018}
}

@inproceedings{liu2016ssd,
  title={Ssd: Single shot multibox detector},
  author={Liu, Wei and Anguelov, Dragomir and Erhan, Dumitru and Szegedy, Christian and Reed, Scott and Fu, Cheng-Yang and Berg, Alexander C},
  booktitle={European conference on computer vision},
  pages={21--37},
  year={2016},
  organization={Springer}
}

@article{zoph2016neural,
  title={Neural architecture search with reinforcement learning},
  author={Zoph, Barret and Le, Quoc V},
  journal={arXiv preprint arXiv:1611.01578},
  year={2016}
}

@inproceedings{real2019regularized,
  title={Regularized evolution for image classifier architecture search},
  author={Real, Esteban and Aggarwal, Alok and Huang, Yanping and Le, Quoc V},
  booktitle={Proceedings of the AAAI Conference on Artificial Intelligence},
  volume={33},
  pages={4780--4789},
  year={2019}
}

@article{liu2018darts,
  title={Darts: Differentiable architecture search},
  author={Liu, Hanxiao and Simonyan, Karen and Yang, Yiming},
  journal={arXiv preprint arXiv:1806.09055},
  year={2018}
}

@inproceedings{zhou2017,
title={Incremental Network Quantization: Towards Lossless CNNs with Low-Precision Weights},
author={Aojun Zhou, Anbang Yao, Yiwen Guo, Lin Xu, Yurong Chen},
booktitle={International Conference on Learning Representations,ICLR2017},
year={2017},
}

@article{vanhoucke2011improving,
  title={Improving the speed of neural networks on CPUs},
  author={Vanhoucke, Vincent and Senior, Andrew and Mao, Mark Z},
  year={2011}
}

@misc{jacob2017quantization,
    title={Quantization and Training of Neural Networks for Efficient Integer-Arithmetic-Only Inference},
    author={Benoit Jacob and Skirmantas Kligys and Bo Chen and Menglong Zhu and Matthew Tang and Andrew Howard and Hartwig Adam and Dmitry Kalenichenko},
    year={2017},
    eprint={1712.05877},
    archivePrefix={arXiv},
    primaryClass={cs.LG}
}

@misc{gysel2016hardwareoriented,
    title={Hardware-oriented Approximation of Convolutional Neural Networks},
    author={Philipp Gysel and Mohammad Motamedi and Soheil Ghiasi},
    year={2016},
    eprint={1604.03168},
    archivePrefix={arXiv},
    primaryClass={cs.CV}
}

@article{yosinski2015understanding,
  title={Understanding neural networks through deep visualization},
  author={Yosinski, Jason and Clune, Jeff and Nguyen, Anh and Fuchs, Thomas and Lipson, Hod},
  journal={arXiv preprint arXiv:1506.06579},
  year={2015}
}

@article{srivastava2014dropout,
  title={Dropout: a simple way to prevent neural networks from overfitting},
  author={Srivastava, Nitish and Hinton, Geoffrey and Krizhevsky, Alex and Sutskever, Ilya and Salakhutdinov, Ruslan},
  journal={The journal of machine learning research},
  volume={15},
  number={1},
  pages={1929--1958},
  year={2014},
  publisher={JMLR. org}
}

@article{ioffe2015batch,
  title={Batch normalization: Accelerating deep network training by reducing internal covariate shift},
  author={Ioffe, Sergey and Szegedy, Christian},
  journal={arXiv preprint arXiv:1502.03167},
  year={2015}
}

@inproceedings{yang2018netadapt,
  title={Netadapt: Platform-aware neural network adaptation for mobile applications},
  author={Yang, Tien-Ju and Howard, Andrew and Chen, Bo and Zhang, Xiao and Go, Alec and Sandler, Mark and Sze, Vivienne and Adam, Hartwig},
  booktitle={Proceedings of the European Conference on Computer Vision (ECCV)},
  pages={285--300},
  year={2018}
}

@article{pham2018efficient,
  title={Efficient neural architecture search via parameter sharing},
  author={Pham, Hieu and Guan, Melody Y and Zoph, Barret and Le, Quoc V and Dean, Jeff},
  journal={arXiv preprint arXiv:1802.03268},
  year={2018}
}

@techreport{krizhevsky2009cifar10,
  title={Learning multiple layers of features from tiny images},
  author={Krizhevsky, Alex and Hinton, Geoffrey and others},
  year={2009},
  institution={Citeseer}
}

@misc{howard2019mobilenetv3,
    title={Searching for MobileNetV3},
    author={Andrew Howard and Mark Sandler and Grace Chu and Liang-Chieh Chen and Bo Chen and Mingxing Tan and Weijun Wang and Yukun Zhu and Ruoming Pang and Vijay Vasudevan and Quoc V. Le and Hartwig Adam},
    year={2019},
    eprint={1905.02244},
    archivePrefix={arXiv},
    primaryClass={cs.CV}
}

@misc{benjamintanweihao2018Oct,
	author = {benjamintanweihao},
	title = {{YOLOv3}},
	journal = {GitHub},
	year = {2018},
	month = {Oct},
	note = {[Online; accessed 25. Nov. 2019]},
	url = {https://github.com/benjamintanweihao/YOLOv3}
}

@misc{ wiki:iou,
    author = "{Wikipedia contributors}",
    title = "Jaccard index --- {Wikipedia}{,} The Free Encyclopedia",
    year = "2019",
    howpublished = "\url{https://en.wikipedia.org/w/index.php?title=Jaccard_index&oldid=922506938}",
    note = "[Online; accessed 27-November-2019]"
  }
@misc{ wiki:precisionrecall,
    author = "{Wikipedia contributors}",
    title = "Precision and recall --- {Wikipedia}{,} The Free Encyclopedia",
    year = "2019",
    howpublished = "\url{https://en.wikipedia.org/w/index.php?title=Precision_and_recall&oldid=926823493}",
    note = "[Online; accessed 27-November-2019]"
  }
@misc{ wiki:metrics,
    author = "{Wikipedia contributors}",
    title = "Evaluation measures (information retrieval) --- {Wikipedia}{,} The Free Encyclopedia",
    year = "2019",
    howpublished = "\url{https://en.wikipedia.org/w/index.php?title=Evaluation_measures_(information_retrieval)&oldid=916698026}",
    note = "[Online; accessed 27-November-2019]"
  }
